<?xml version='1.0' encoding='UTF-8'?>
<!-- Käibemaksuga seotud tehingute ja toimingute andmete andmepõhise aruandluse näidisfail XBRL Global Ledger standardi baasil -->
<!-- The "root" of every XBRL file ("instance document") is xbrl. -->
<!-- schema location "https://xbrl.eesti.ee/XBRL-GL-EXT-2026-03-31 -->
<xbrli:xbrl
	xmlns:xbrli="http://www.xbrl.org/2003/instance"
	xmlns:xlink="http://www.w3.org/1999/xlink"
	xmlns:xbrll="http://www.xbrl.org/2003/linkbase"
    xsi:schemaLocation="https://xbrl.eesti.ee/XBRL-GL-EXT-2026-03-31 https://xbrl.eesti.ee/XBRL-GL-EXT-2026-03-31/gl/plt/case-c-b-e/gl-plt-2026-03-31.xsd"
	xmlns:xsi="http://www.w3.org/2001/XMLSchema-instance"
	xmlns:gl-cor="http://www.xbrl.org/int/gl/cor/2015-03-25"
	xmlns:gl-ext="https://xbrl.eesti.ee/XBRL-GL-EXT-2026-03-31"
	xmlns:iso639="http://www.xbrl.org/2005/iso639"
	xmlns:iso4217="http://www.xbrl.org/2003/iso4217"
	xmlns:gl-bus="http://www.xbrl.org/int/gl/bus/2015-03-25">
	<xbrll:schemaRef xlink:href="https://xbrl.eesti.ee/XBRL-GL-EXT-2026-03-31/gl/plt/case-c-b-e/gl-plt-2026-03-31.xsd" xlink:arcrole="http://www.w3.org/1999/xlink/properties/linkbase" xlink:type="simple"/>
	<!-- Contexts, on kohustuslik. Vastavalt XBRL spetsifikatsioonile -->
	<xbrli:context id="now">
<!-- Järgnevas plokis näidatakse isiku registrikood (kelle osas andmeid edastatakse). Peab olema sama väärtus, mis on näidatud 
gl-cor:uniqueID juures ja gl-bus:organizationIdentifiers plokis -->
        <xbrli:entity>
            <!-- Scheme täpsustab, mis koodiga on tegu. Lubatud koodi täpsustused ORGANIZATIONDESCRIPTION_enum loetelust, va TOIMLA_KOOD -->
            <xbrli:identifier scheme="ARIREGISTRIKOOD">10001234</xbrli:identifier>
        </xbrli:entity>
		<!-- Faili loomise kuupäev -->
		<xbrli:period>
			<xbrli:instant>2027-02-08</xbrli:instant>
		</xbrli:period>
	</xbrli:context>
	<!-- Mõõtühikutena vaadeldakse nii valuutat, kui ka muid kokkulepitud mõõtühikuid -->
	<xbrli:unit id="EUR">
		<xbrli:measure>iso4217:EUR</xbrli:measure>
	</xbrli:unit>
	<xbrli:unit id="pureRef">
		<xbrli:measure>pure</xbrli:measure>
	</xbrli:unit>
	<xbrli:unit id="NotUsed">
		<xbrli:measure>pure</xbrli:measure>
	</xbrli:unit>
	<!-- Siit algab XBRL GL osa -->
	<gl-cor:accountingEntries>
		<!-- Dokumendi info on vajalik, et määratleda kirjete tüüp -->
		<gl-cor:documentInfo>
			<!-- Käibemaksuga seotud tehingute ja toimingute puhul kasutatakse tehingutüübina alati "ohter". -->
			<gl-cor:entriesType contextRef="now">other</gl-cor:entriesType>
			<!-- Aruande unikaalne tunnus, mille peab tagama andmeesitaja. Tuleb esitada järgneva struktuuriga: aruandekohustlase kood+aruande kuupäev+kellaaeg.
            Kood peab ühtima väärtusega, mis on näidatud <xbrli:entity> juures ja gl-bus:organizationIdentifiers plokis -->
			<gl-cor:uniqueID contextRef="now">10001234-2027-02-08T09:36:51.554</gl-cor:uniqueID>
			<gl-cor:language contextRef="now">iso639:et</gl-cor:language>
			<!-- Aruande koostamise kuupäev -->
			<gl-cor:creationDate contextRef="now">2027-02-08</gl-cor:creationDate>
			<gl-bus:creator contextRef="now">Testettevõte OÜ</gl-bus:creator>
			<!-- Aruande selgitus -->
			<gl-cor:entriesComment contextRef="now">Käibemaksuga seotud tehingute ja toimingute andmed Maksu- ja Tolliametile</gl-cor:entriesComment>
			<!-- Aruande kuupäevade vahemik -->
			<gl-cor:periodCoveredStart contextRef="now">2027-01-01</gl-cor:periodCoveredStart>
			<gl-cor:periodCoveredEnd contextRef="now">2027-01-31</gl-cor:periodCoveredEnd>
			<!-- Maksustamisperioodi täpsustus, kui failiga edastatakse pankrotiperioodiga seotud tehingute ja toimingute andmeid. -->
			<gl-ext:periodExtraIdentifier contextRef="now">PANKROTIPERIOOD</gl-ext:periodExtraIdentifier>
			<!-- Majandustarkvara või infosüsteemi nimetus -->
			<gl-bus:sourceApplication contextRef="now">Raamatupidamistarkvara Test</gl-bus:sourceApplication>
		</gl-cor:documentInfo>
		<!-- Järgneb asutuse info plokk -->
		<gl-cor:entityInformation>
			<!-- Aruandekohustuslast tuvastav kood, nt äriregistrikood ja koodi liiki täpsustav selgitus loendist ORGANIZATIONDESCRIPTION_enum, va TOIMLA_KOOD.
            Peab ühtima väärtusega, mis on näidatud gl-cor:uniqueID ja <xbrli:entity> juures -->
			<gl-bus:organizationIdentifiers>
				<gl-bus:organizationIdentifier contextRef="now">10001234</gl-bus:organizationIdentifier>
				<gl-bus:organizationDescription contextRef="now">ARIREGISTRIKOOD</gl-bus:organizationDescription>
			</gl-bus:organizationIdentifiers>
		</gl-cor:entityInformation>
		<!-- Antud päis (andmesektsioon) on mõeldud käibemaksuga seotud tehingute ja toimingute andmete edastamiseks MTA-le -->
		<gl-cor:entryHeader>
			<!-- Väärtus loendist APA_SEKTSIOONID_enum. Väärtust EE0203001 kasutatakse käibemaksuga seotud ostu- ja müügitehingute ja toimingute andmete edastamiseks. -->
			<gl-cor:entryNumber contextRef="now">EE0203001</gl-cor:entryNumber>
			<!-- Andmesektisooni versiooni number. -->
			<gl-ext:entryVersion contextRef="now">1.0</gl-ext:entryVersion>
			<!--Andmeallika identifikaator (lisatakse juhul, kui andmeid edastatakse mitmest andmeallikast sama maksustamisperioodi kohta). -->
			<gl-ext:entrySourceId contextRef ="now">ERP-01</gl-ext:entrySourceId>
			<!-- Samale aruandele saadetavate erinevate andmeallikate arv (lisatakse juhul, kui andmeid edastatakse mitmest andmeallikast sama maksustamisperioodi kohta). -->
			<gl-ext:entrySourceCount contextRef ="now">2</gl-ext:entrySourceCount>
			
			
			
			<!-- Näide 1 -->
            <!-- Tavapärane 24% käibe deklareerimine, kus arve saajaks Eesti juriidiline isik -->
			<gl-cor:entryDetail>
				<!-- Kirje rea number on ühes päises olevate kirjete järjekorranumber -->
				<gl-cor:lineNumberCounter contextRef="now" unitRef="NotUsed">1</gl-cor:lineNumberCounter>
				<gl-cor:account>
					<!-- Alamkontod ehk dimensioonid on vajalikud info lahterdamiseks soovitud klassifikaatorite abil -->
					<gl-cor:accountSub>
						<!-- Käibemaksuga seotud tehingute ja toimingute liikide klassifikaatori element -->
						<gl-cor:accountSubID contextRef="now">M_101</gl-cor:accountSubID>
						<gl-cor:accountSubType contextRef="now">KMDTYYP2026ap</gl-cor:accountSubType>
					</gl-cor:accountSub>
				</gl-cor:account>
				<!-- Deklareeritav summa ehk maksustatav väärtus -->
				<gl-cor:amount contextRef="now" decimals="2" unitRef="EUR">2400</gl-cor:amount>
				<!-- Tehingu osapoole ja vajadusel arve tunnuse info -->
				<gl-cor:identifierReference>
					<!-- Tehingupartneri registri- või isikukood või mitteresidendi kood -->
					<gl-cor:identifierCode contextRef="now">11111111</gl-cor:identifierCode>
                    <!-- Tehingupartneri koodi liiki täpsustav selgitus loendist IDENTIFIERDESCRIPTION_enum -->
					<gl-cor:identifierDescription contextRef="now">ARIREGISTRIKOOD</gl-cor:identifierDescription>
					<!-- Tehingu osapoole või arve tunnus -->
					<gl-cor:identifierCategory contextRef="now">100</gl-cor:identifierCategory>
				</gl-cor:identifierReference>
				<!-- Arve number -->
				<gl-cor:documentNumber contextRef="now">MA10001</gl-cor:documentNumber>
				<!-- Arve kuupäev -->
				<gl-cor:documentDate contextRef="now">2027-01-01</gl-cor:documentDate>
				<!-- Igas measurable plokis on aluseks gl-bus_measurableId -->
				<gl-bus:measurable>
                <!-- measurableQuantity väärtus loendist MEASURABLEQUANTITY_enum, lubatud väärtus ARVE_KOGUSUMMA -->
					<gl-bus:measurableID contextRef="now">ARVE_KOGUSUMMA</gl-bus:measurableID>
                    <!-- measurableIDSchema välja lubatud väärtus MEASURABLEQUANTITY_enum -->
					<gl-bus:measurableIDSchema contextRef="now">MEASURABLEQUANTITY_enum</gl-bus:measurableIDSchema>
					<!-- Arve kogusumma-->
					<gl-bus:measurableQuantity contextRef="now" decimals="2" unitRef="EUR">2400</gl-bus:measurableQuantity>
				</gl-bus:measurable>
				<!-- Maksumäär -->
				<gl-cor:taxes>
					<gl-cor:taxPercentageRate contextRef="now" decimals="3" unitRef="pureRef">0.24</gl-cor:taxPercentageRate>
				</gl-cor:taxes>
			</gl-cor:entryDetail>
			
			
			<!-- Näide 2 -->
            <!-- Käive on tekkinud osaliselt tasutud ettemaksuarve alusel, st käive on tekkinud 2500 euro ulatuses -->
			<gl-cor:entryDetail>
				<!-- Kirje rea number on ühes päises olevate kirjete järjekorranumber -->
				<gl-cor:lineNumberCounter contextRef="now" unitRef="NotUsed">2</gl-cor:lineNumberCounter>
				<gl-cor:account>
					<!-- Alamkontod ehk dimensioonid on vajalikud info lahterdamiseks soovitud klassifikaatorite abil -->
					<gl-cor:accountSub>
						<!-- Käibemaksuga seotud tehingute ja toimingute liikide klassifikaatori element -->
						<gl-cor:accountSubID contextRef="now">M_101</gl-cor:accountSubID>
						<gl-cor:accountSubType contextRef="now">KMDTYYP2026ap</gl-cor:accountSubType>
					</gl-cor:accountSub>
				</gl-cor:account>
				<!-- Deklareeritav summa ehk maksustatav väärtus -->
				<gl-cor:amount contextRef="now" decimals="2" unitRef="EUR">2500</gl-cor:amount>
				<!-- Tehingu osapoole ja vajadusel arve tunnuse info -->
				<gl-cor:identifierReference>
					<!-- Tehingupartneri registri- või isikukood või mitteresidendi kood -->
					<gl-cor:identifierCode contextRef="now">11111114</gl-cor:identifierCode>
                    <!-- Tehingupartneri koodi liiki täpsustav selgitus loendist IDENTIFIERDESCRIPTION_enum -->
					<gl-cor:identifierDescription contextRef="now">ARIREGISTRIKOOD</gl-cor:identifierDescription>
					<!-- Tehingu osapoole või arve tunnus -->
					<gl-cor:identifierCategory contextRef="now">100</gl-cor:identifierCategory>
				</gl-cor:identifierReference>
				<!-- Ettemaksuarve number -->
				<gl-cor:documentApplyToNumber contextRef="now">EA10001</gl-cor:documentApplyToNumber>
				<!-- Ettemaksuarve kuupäev -->
				<gl-cor:documentDate contextRef="now">2027-01-02</gl-cor:documentDate>
				<gl-bus:measurable>
                <!-- measurableQuantity väärtus loendist MEASURABLEQUANTITY_enum, lubatud väärtus ARVE_KOGUSUMMA -->
	                <gl-bus:measurableID contextRef="now">ARVE_KOGUSUMMA</gl-bus:measurableID>
                    <!-- measurableIDSchema välja lubatud väärtus MEASURABLEQUANTITY_enum -->
	                <gl-bus:measurableIDSchema contextRef="now">MEASURABLEQUANTITY_enum</gl-bus:measurableIDSchema>
					<!-- Arve kogusumma -->
					<gl-bus:measurableQuantity contextRef="now" decimals="2" unitRef="EUR">3000</gl-bus:measurableQuantity>
				</gl-bus:measurable>
				<!-- Maksumäär -->
				<gl-cor:taxes>
					<gl-cor:taxPercentageRate contextRef="now" decimals="3" unitRef="pureRef">0.24</gl-cor:taxPercentageRate>
				</gl-cor:taxes>
			</gl-cor:entryDetail>
			
			
			<!-- Näide 3 -->
            <!-- Kasutatud kauba edasimüük, ostuhind 1500 eurot (müügi-ja ostuhinna vahe 500 eurot) -->
			<gl-cor:entryDetail>
				<!-- Kirje rea number on ühes päises olevate kirjete järjekorranumber -->
				<gl-cor:lineNumberCounter contextRef="now" unitRef="NotUsed">3</gl-cor:lineNumberCounter>
				<gl-cor:account>
					<!-- Alamkontod ehk dimensioonid on vajalikud info lahterdamiseks soovitud klassifikaatorite abil -->
					<gl-cor:accountSub>
						<!-- Käibemaksuga seotud tehingute ja toimingute liikide klassifikaatori element -->
						<gl-cor:accountSubID contextRef="now">M_103</gl-cor:accountSubID>
						<gl-cor:accountSubType contextRef="now">KMDTYYP2026ap</gl-cor:accountSubType>
					</gl-cor:accountSub>
				</gl-cor:account>
				<!-- Deklareeritav summa ehk maksustatav väärtus -->
				<gl-cor:amount contextRef="now" decimals="2" unitRef="EUR">458.72</gl-cor:amount>
				<!-- Tehingu osapoole ja vajadusel arve tunnuse info -->
				<gl-cor:identifierReference>
					<!-- Tehingupartneri registri- või isikukood või mitteresidendi kood -->
					<gl-cor:identifierCode contextRef="now">11111115</gl-cor:identifierCode>
                    <!-- Tehingupartneri koodi liiki täpsustav selgitus loendist IDENTIFIERDESCRIPTION_enum -->
					<gl-cor:identifierDescription contextRef="now">ARIREGISTRIKOOD</gl-cor:identifierDescription>
					<!-- Tehingu osapoole või arve tunnus -->
					<gl-cor:identifierCategory contextRef="now">100</gl-cor:identifierCategory>
				</gl-cor:identifierReference>
				<!-- Arve number -->
				<gl-cor:documentNumber contextRef="now">MA10006</gl-cor:documentNumber>
				<!-- Arve kuupäev -->
				<gl-cor:documentDate contextRef="now">2027-01-04</gl-cor:documentDate>
				<gl-bus:measurable>
                <!-- measurableQuantity väärtus loendist MEASURABLEQUANTITY_enum, lubatud väärtus ARVE_KOGUSUMMA -->
	                <gl-bus:measurableID contextRef="now">ARVE_KOGUSUMMA</gl-bus:measurableID>
                    <!-- measurableIDSchema välja lubatud väärtus MEASURABLEQUANTITY_enum -->
	                <gl-bus:measurableIDSchema contextRef="now">MEASURABLEQUANTITY_enum</gl-bus:measurableIDSchema>
					<!-- Arve kogusumma -->
					<gl-bus:measurableQuantity contextRef="now" decimals="2" unitRef="EUR">2000</gl-bus:measurableQuantity>
				</gl-bus:measurable>
				<!-- Maksumäär -->
				<gl-cor:taxes>
					<gl-cor:taxPercentageRate contextRef="now" decimals="3" unitRef="pureRef">0.09</gl-cor:taxPercentageRate>
				</gl-cor:taxes>
			</gl-cor:entryDetail>
			
			
			<!-- Näide 4 -->
            <!-- Euroopa Liidu sisese reisiteenuse müük juriidilisele isikule absoluutsummas marginaaliga 450 eurot -->
			<gl-cor:entryDetail>
				<!-- Kirje rea number on ühes päises olevate kirjete järjekorranumber -->
				<gl-cor:lineNumberCounter contextRef="now" unitRef="NotUsed">4</gl-cor:lineNumberCounter>
				<gl-cor:account>
					<!-- Alamkontod ehk dimensioonid on vajalikud info lahterdamiseks soovitud klassifikaatorite abil -->
					<gl-cor:accountSub>
						<!-- Käibemaksuga seotud tehingute ja toimingute liikide klassifikaatori element -->
						<gl-cor:accountSubID contextRef="now">M_104</gl-cor:accountSubID>
						<gl-cor:accountSubType contextRef="now">KMDTYYP2026ap</gl-cor:accountSubType>
					</gl-cor:accountSub>
				</gl-cor:account>
				<!-- Deklareeritav summa ehk maksustatav väärtus -->
				<gl-cor:amount contextRef="now" decimals="2" unitRef="EUR">362.9</gl-cor:amount>
                <!-- Maksumäär -->
				<gl-cor:taxes>
					<gl-cor:taxPercentageRate contextRef="now" decimals="3" unitRef="pureRef">0.24</gl-cor:taxPercentageRate>
				</gl-cor:taxes>
			</gl-cor:entryDetail>
			
			
			<!-- Näide 5 -->
            <!-- Nn siseriikliku pöördmaksustamise deklareerimine (müüja) -->
			<gl-cor:entryDetail>
				<!-- Kirje rea number on ühes päises olevate kirjete järjekorranumber -->
				<gl-cor:lineNumberCounter contextRef="now" unitRef="NotUsed">5</gl-cor:lineNumberCounter>
				<gl-cor:account>
					<!-- Alamkontod ehk dimensioonid on vajalikud info lahterdamiseks soovitud klassifikaatorite abil -->
					<gl-cor:accountSub>
						<!-- Käibemaksuga seotud tehingute ja toimingute liikide klassifikaatori element -->
						<gl-cor:accountSubID contextRef="now">M_105</gl-cor:accountSubID>
						<gl-cor:accountSubType contextRef="now">KMDTYYP2026ap</gl-cor:accountSubType>
					</gl-cor:accountSub>
				</gl-cor:account>
				<!-- Deklareeritav summa ehk maksustatav väärtus -->
				<gl-cor:amount contextRef="now" decimals="2" unitRef="EUR">1700</gl-cor:amount>
				<!-- Tehingu osapoole ja vajadusel arve tunnuse info -->
				<gl-cor:identifierReference>
					<!-- Tehingupartneri registri- või isikukood või mitteresidendi kood -->
					<gl-cor:identifierCode contextRef="now">11111119</gl-cor:identifierCode>
                    <!-- Tehingupartneri koodi liiki täpsustav selgitus loendist IDENTIFIERDESCRIPTION_enum -->
					<gl-cor:identifierDescription contextRef="now">ARIREGISTRIKOOD</gl-cor:identifierDescription>
					<!-- Tehingu osapoole või arve tunnus -->
					<gl-cor:identifierCategory contextRef="now">100</gl-cor:identifierCategory>
				</gl-cor:identifierReference>
				<!-- Arve number -->
				<gl-cor:documentNumber contextRef="now">MA10010</gl-cor:documentNumber>
				<!-- Arve kuupäev -->
				<gl-cor:documentDate contextRef="now">2027-01-08</gl-cor:documentDate>
				<gl-bus:measurable>
                <!-- measurableQuantity väärtus loendist MEASURABLEQUANTITY_enum, lubatud väärtus ARVE_KOGUSUMMA -->
	                <gl-bus:measurableID contextRef="now">ARVE_KOGUSUMMA</gl-bus:measurableID>
                    <!-- measurableIDSchema välja lubatud väärtus MEASURABLEQUANTITY_enum -->
	                <gl-bus:measurableIDSchema contextRef="now">MEASURABLEQUANTITY_enum</gl-bus:measurableIDSchema>
					<!-- Arve kogusumma -->
					<gl-bus:measurableQuantity contextRef="now" decimals="2" unitRef="EUR">1700</gl-bus:measurableQuantity>
				</gl-bus:measurable>
				<!-- Maksumäär -->
				<gl-cor:taxes>
					<gl-cor:taxPercentageRate contextRef="now" decimals="3" unitRef="pureRef">0.24</gl-cor:taxPercentageRate>
				</gl-cor:taxes>
			</gl-cor:entryDetail>
			
			
			<!-- Näide 6 -->
            <!-- Tavapärane 24% käibe deklareerimine, kus arve saajaks füüsiline isik -->
			<gl-cor:entryDetail>
				<!-- Kirje rea number on ühes päises olevate kirjete järjekorranumber -->
				<gl-cor:lineNumberCounter contextRef="now" unitRef="NotUsed">6</gl-cor:lineNumberCounter>
				<gl-cor:account>
					<!-- Alamkontod ehk dimensioonid on vajalikud info lahterdamiseks soovitud klassifikaatorite abil -->
					<gl-cor:accountSub>
						<!-- Käibemaksuga seotud tehingute ja toimingute liikide klassifikaatori element -->
						<gl-cor:accountSubID contextRef="now">M_101</gl-cor:accountSubID>
						<gl-cor:accountSubType contextRef="now">KMDTYYP2026ap</gl-cor:accountSubType>
					</gl-cor:accountSub>
				</gl-cor:account>
				<!-- Deklareeritav summa ehk maksustatav väärtus -->
				<gl-cor:amount contextRef="now" decimals="2" unitRef="EUR">1000</gl-cor:amount>
				<!-- Kuna tehing toimus füüsilise isikuga, siis tehingupartneri isikukoodi ei edastata ja identifierReference plokis
                näidatakse ainult tehingu osapoole tunnuse infot -->
				<gl-cor:identifierReference>
					<!-- Tehingu osapoole või arve tunnus -->
					<gl-cor:identifierCategory contextRef="now">200</gl-cor:identifierCategory>
				</gl-cor:identifierReference>
                <!-- Maksumäär -->
				<gl-cor:taxes>
					<gl-cor:taxPercentageRate contextRef="now" decimals="3" unitRef="pureRef">0.24</gl-cor:taxPercentageRate>
				</gl-cor:taxes>
			</gl-cor:entryDetail>
			
			
			<!-- Näide 7 -->
            <!-- Arve või arvete kogusumma ilma käibemaksuta on ühe tehingupartneri kohta väiksem kui 1000 eurot -->
			<gl-cor:entryDetail>
				<!-- Kirje rea number on ühes päises olevate kirjete järjekorranumber -->
				<gl-cor:lineNumberCounter contextRef="now" unitRef="NotUsed">7</gl-cor:lineNumberCounter>
				<gl-cor:account>
					<!-- Alamkontod ehk dimensioonid on vajalikud info lahterdamiseks soovitud klassifikaatorite abil -->
					<gl-cor:accountSub>
						<!-- Käibemaksuga seotud tehingute ja toimingute liikide klassifikaatori element -->
						<gl-cor:accountSubID contextRef="now">M_101</gl-cor:accountSubID>
						<gl-cor:accountSubType contextRef="now">KMDTYYP2026ap</gl-cor:accountSubType>
					</gl-cor:accountSub>
				</gl-cor:account>
				<!-- Deklareeritav summa ehk maksustatav väärtus -->
				<gl-cor:amount contextRef="now" decimals="2" unitRef="EUR">175</gl-cor:amount>
				<!-- Kuna arve või arvete kogusumma ilma käibemaksuta on ühe tehingupartneri kohta väiksem kui 1000 eurot, siis tehingupartneri registri- või isikukoodi 
				või mitteresidendi koodi ei edastata ja identifierReference plokis näidatakse ainult arve tunnuse infot -->
				<gl-cor:identifierReference>
					<!-- Tehingu osapoole või arve tunnus -->
					<gl-cor:identifierCategory contextRef="now">103</gl-cor:identifierCategory>
				</gl-cor:identifierReference>
                <!-- Maksumäär -->
				<gl-cor:taxes>
					<gl-cor:taxPercentageRate contextRef="now" decimals="3" unitRef="pureRef">0.24</gl-cor:taxPercentageRate>
				</gl-cor:taxes>
			</gl-cor:entryDetail>
			
			
			<!-- Näide 8 -->
            <!-- Kauba ühendusesisese käibe deklareerimine -->
			<gl-cor:entryDetail>
				<!-- Kirje rea number on ühes päises olevate kirjete järjekorranumber -->
				<gl-cor:lineNumberCounter contextRef="now" unitRef="NotUsed">8</gl-cor:lineNumberCounter>
				<gl-cor:account>
					<!-- Alamkontod ehk dimensioonid on vajalikud info lahterdamiseks soovitud klassifikaatorite abil -->
					<gl-cor:accountSub>
						<!-- Käibemaksuga seotud tehingute ja toimingute liikide klassifikaatori element -->
						<gl-cor:accountSubID contextRef="now">M_201</gl-cor:accountSubID>
						<gl-cor:accountSubType contextRef="now">KMDTYYP2026ap</gl-cor:accountSubType>
					</gl-cor:accountSub>
					<gl-cor:accountSub>
                        <!-- Tehingupartneri riigi kood klassifikaatorist RTK2T2013ap, lubatud ainult Euroopa Liidu riigid -->
						<gl-cor:accountSubID contextRef="now">FI</gl-cor:accountSubID>
						<gl-cor:accountSubType contextRef="now">RTK2T2013ap</gl-cor:accountSubType>
						<gl-cor:segmentParentTuple>
                            <!-- Tunnus klassifikaatorist RIIGIROLL2022ap, lubatud väärtus RR_ostja -->
							<gl-cor:parentSubaccountCode contextRef="now">RR_ostja</gl-cor:parentSubaccountCode>
							<gl-cor:parentSubaccountType contextRef="now">RIIGIROLL2022ap</gl-cor:parentSubaccountType>
						</gl-cor:segmentParentTuple>
					</gl-cor:accountSub>
				</gl-cor:account>
				<!-- Deklareeritav summa ehk maksustatav väärtus -->
				<gl-cor:amount contextRef="now" decimals="2" unitRef="EUR">1200</gl-cor:amount>
				<!-- Tehingu osapoole ja vajadusel arve tunnuse info -->
				<gl-cor:identifierReference>
					<!-- Ühendusesisese käibe korral tuleb edastada tehingupartneri KMKR number -->
					<gl-cor:identifierCode contextRef="now">FI08611111</gl-cor:identifierCode>
                    <!-- Tehingupartneri koodi liiki täpsustav selgitus loendist IDENTIFIERDESCRIPTION_enum -->
					<gl-cor:identifierDescription contextRef="now">KMKR_NUMBER</gl-cor:identifierDescription>
                    <!-- Tehingu osapoole või arve tunnus -->
					<gl-cor:identifierCategory contextRef="now">100</gl-cor:identifierCategory>
				</gl-cor:identifierReference>
				<!-- Arve numbri, kuupäeva ja arve kogusumma info edastamine pole kohustuslik -->
                <!-- Maksumäär -->
				<gl-cor:taxes>
					<gl-cor:taxPercentageRate contextRef="now" decimals="3" unitRef="pureRef">0.00</gl-cor:taxPercentageRate>
				</gl-cor:taxes>
			</gl-cor:entryDetail>
			
			
			<!-- Näide 9 -->
            <!-- Aktsiisikauba võõrandamine teise liikmesriigi käibemaksukohustuslasena registreerimata isikule -->
			<gl-cor:entryDetail>
				<!-- Kirje rea number on ühes päises olevate kirjete järjekorranumber -->
				<gl-cor:lineNumberCounter contextRef="now" unitRef="NotUsed">9</gl-cor:lineNumberCounter>
				<gl-cor:account>
					<!-- Alamkontod ehk dimensioonid on vajalikud info lahterdamiseks soovitud klassifikaatorite abil -->
					<gl-cor:accountSub>
						<!-- Käibemaksuga seotud tehingute ja toimingute liikide klassifikaatori element -->
						<gl-cor:accountSubID contextRef="now">M_206</gl-cor:accountSubID>
						<gl-cor:accountSubType contextRef="now">KMDTYYP2026ap</gl-cor:accountSubType>
					</gl-cor:accountSub>
				</gl-cor:account>
				<!-- Deklareeritav summa ehk maksustatav väärtus -->
				<gl-cor:amount contextRef="now" decimals="2" unitRef="EUR">2000</gl-cor:amount>
				<!-- Kuna tehing toimus teise liikmesriigi käibemaksukohustuslasena registreerimata isikuga, siis tehingupartneri KMKR numbrit ei edastata ja 
				identifierReference plokis näidatakse ainult tehingu osapoole tunnuse infot -->
				<gl-cor:identifierReference>
					<!-- Tehingu osapoole või arve tunnus -->
					<gl-cor:identifierCategory contextRef="now">200</gl-cor:identifierCategory>
				</gl-cor:identifierReference>
                <!-- Maksumäär -->
				<gl-cor:taxes>
					<gl-cor:taxPercentageRate contextRef="now" decimals="3" unitRef="pureRef">0.00</gl-cor:taxPercentageRate>
				</gl-cor:taxes>
			</gl-cor:entryDetail>
			    
			    
			<!-- Näide 10 -->
            <!-- Kauba eksport -->
            <gl-cor:entryDetail>
				<!-- Kirje rea number on ühes päises olevate kirjete järjekorranumber -->
				<gl-cor:lineNumberCounter contextRef="now" unitRef="NotUsed">10</gl-cor:lineNumberCounter>
				<gl-cor:account>
					<!-- Alamkontod ehk dimensioonid on vajalikud info lahterdamiseks soovitud klassifikaatorite abil -->
					<gl-cor:accountSub>
						<!-- Käibemaksuga seotud tehingute ja toimingute liikide klassifikaatori element -->
						<gl-cor:accountSubID contextRef="now">M_208</gl-cor:accountSubID>
						<gl-cor:accountSubType contextRef="now">KMDTYYP2026ap</gl-cor:accountSubType>
					</gl-cor:accountSub>
				</gl-cor:account>
				<!-- Deklareeritav summa ehk maksustatav väärtus -->
				<gl-cor:amount contextRef="now" decimals="2" unitRef="EUR">950</gl-cor:amount>
                <!-- Maksumäär -->
				<gl-cor:taxes>
					<gl-cor:taxPercentageRate contextRef="now" decimals="3" unitRef="pureRef">0.00</gl-cor:taxPercentageRate>
				</gl-cor:taxes>
			</gl-cor:entryDetail>
			
			
			<!-- Näide 11 -->
            <!-- Eestisisene 0% määraga maksustatav kauba käive, kus arve saajaks on Eesti juriidiline isik -->
			<gl-cor:entryDetail>
				<gl-cor:lineNumberCounter contextRef="now" unitRef="NotUsed">11</gl-cor:lineNumberCounter>
				<gl-cor:account>
					<!-- Alamkontod ehk dimensioonid on vajalikud info lahterdamiseks soovitud klassifikaatorite abil -->
					<gl-cor:accountSub>
						<!-- Käibemaksuga seotud tehingute ja toimingute liikide klassifikaatori element -->
						<gl-cor:accountSubID contextRef="now">M_210</gl-cor:accountSubID>
						<gl-cor:accountSubType contextRef="now">KMDTYYP2026ap</gl-cor:accountSubType>
					</gl-cor:accountSub>
				</gl-cor:account>
				<!-- Deklareeritav summa ehk maksustatav väärtus -->
				<gl-cor:amount contextRef="now" decimals="2" unitRef="EUR">160</gl-cor:amount>
                <!-- Maksumäär -->
				<gl-cor:taxes>
					<gl-cor:taxPercentageRate contextRef="now" decimals="3" unitRef="pureRef">0.00</gl-cor:taxPercentageRate>
				</gl-cor:taxes>
			</gl-cor:entryDetail>
			
			
			<!-- Näide 12 -->
            <!-- Maksuvaba käive Eesti juriidilisele isikule -->
			<gl-cor:entryDetail>
				<!-- Kirje rea number on ühes päises olevate kirjete järjekorranumber -->
				<gl-cor:lineNumberCounter contextRef="now" unitRef="NotUsed">12</gl-cor:lineNumberCounter>
				<gl-cor:account>
					<!-- Alamkontod ehk dimensioonid on vajalikud info lahterdamiseks soovitud klassifikaatorite abil -->
					<gl-cor:accountSub>
						<!-- Käibemaksuga seotud tehingute ja toimingute liikide klassifikaatori element -->
						<gl-cor:accountSubID contextRef="now">M_301</gl-cor:accountSubID>
						<gl-cor:accountSubType contextRef="now">KMDTYYP2026ap</gl-cor:accountSubType>
					</gl-cor:accountSub>
				</gl-cor:account>
				<!-- Deklareeritav summa ehk maksustatav väärtus -->
				<gl-cor:amount contextRef="now" decimals="2" unitRef="EUR">875</gl-cor:amount>
			</gl-cor:entryDetail>
			
			
			<!-- Näide 13 -->
            <!-- 24% määraga maksustatava käibe kreeditarve (müüja), mis on tehtud kahe esialgse arve peale -->
			<gl-cor:entryDetail>
				<!-- Kirje rea number on ühes päises olevate kirjete järjekorranumber -->
				<gl-cor:lineNumberCounter contextRef="now" unitRef="NotUsed">13</gl-cor:lineNumberCounter>
				<gl-cor:account>
					<!-- Alamkontod ehk dimensioonid on vajalikud info lahterdamiseks soovitud klassifikaatorite abil -->
					<gl-cor:accountSub>
						<!-- Käibemaksuga seotud tehingute ja toimingute liikide klassifikaatori element -->
						<gl-cor:accountSubID contextRef="now">M_101</gl-cor:accountSubID>
						<gl-cor:accountSubType contextRef="now">KMDTYYP2026ap</gl-cor:accountSubType>
					</gl-cor:accountSub>
				</gl-cor:account>
				<!-- Deklareeritav summa ehk maksustatav väärtus -->
				<gl-cor:amount contextRef="now" decimals="2" unitRef="EUR">-1000</gl-cor:amount>
				<!-- Tehingu osapoole ja vajadusel arve tunnuse info -->
				<gl-cor:identifierReference>
					<!-- Tehingupartneri registri- või isikukood või mitteresidendi kood -->
					<gl-cor:identifierCode contextRef="now">11111131</gl-cor:identifierCode>
                    <!-- Tehingupartneri koodi liiki täpsustav selgitus loendist IDENTIFIERDESCRIPTION_enum -->
					<gl-cor:identifierDescription contextRef="now">ARIREGISTRIKOOD</gl-cor:identifierDescription>
					<!-- Tehingu osapoole või arve tunnus -->
					<gl-cor:identifierCategory contextRef="now">100</gl-cor:identifierCategory>
				</gl-cor:identifierReference>
				<!-- Arve number -->
				<gl-cor:documentNumber contextRef="now">KR0001</gl-cor:documentNumber>
				<!-- Arve kuupäev -->
				<gl-cor:documentDate contextRef="now">2027-01-31</gl-cor:documentDate>
				<gl-bus:measurable>
                <!-- measurableQuantity väärtus loendist MEASURABLEQUANTITY_enum, lubatud väärtus ARVE_KOGUSUMMA -->
	                <gl-bus:measurableID contextRef="now">ARVE_KOGUSUMMA</gl-bus:measurableID>
                    <!-- measurableIDSchema välja lubatud väärtus MEASURABLEQUANTITY_enum -->
	                <gl-bus:measurableIDSchema contextRef="now">MEASURABLEQUANTITY_enum</gl-bus:measurableIDSchema>
					<!-- Arve kogusumma -->
					<gl-bus:measurableQuantity contextRef="now" decimals="2" unitRef="EUR">-1000</gl-bus:measurableQuantity>
				</gl-bus:measurable>
                <!-- Selles measurable plokis näidatakse kreeditarvega seotud esialgse arve kuupäevaga seotud infot -->
				<gl-bus:measurable>
                <!-- measurableStartDateTime välja väärtuse klassifikaatorist SYNDMUS2017ap, lubatud väärtus ALGSE_ARVE_KP -->
					<gl-bus:measurableID contextRef="now">ALGSE_ARVE_KP</gl-bus:measurableID>
                    <!-- measurableIDSchema väärtus klassifikaatorist, lubatud väärtus SYNDMUS2017ap -->
					<gl-bus:measurableIDSchema contextRef="now">SYNDMUS2017ap</gl-bus:measurableIDSchema>
                    <!-- Esialgse arve kuupäev -->
					<gl-bus:measurableStartDateTime contextRef="now">2025-09-27</gl-bus:measurableStartDateTime>
				</gl-bus:measurable>
                <!-- Kui kreeditarvega on seotud mitu arvet, siis näidatakse esialgse arve kuupäevaga seotud infot
                mitmes järjestikuses measurable plokis -->
				<gl-bus:measurable>
					<gl-bus:measurableID contextRef="now">ALGSE_ARVE_KP</gl-bus:measurableID>
					<gl-bus:measurableIDSchema contextRef="now">SYNDMUS2017ap</gl-bus:measurableIDSchema>
					<gl-bus:measurableStartDateTime contextRef="now">2025-10-15</gl-bus:measurableStartDateTime>
				</gl-bus:measurable>
				<!-- Maksumäär -->
				<gl-cor:taxes>
					<gl-cor:taxPercentageRate contextRef="now" decimals="3" unitRef="pureRef">0.24</gl-cor:taxPercentageRate>
				</gl-cor:taxes>
			</gl-cor:entryDetail>
			
			
			<!-- Näide 14 -->
            <!-- Kauba ühendusesisene soetamine -->
			<gl-cor:entryDetail>
				<!-- Kirje rea number on ühes päises olevate kirjete järjekorranumber -->
				<gl-cor:lineNumberCounter contextRef="now" unitRef="NotUsed">14</gl-cor:lineNumberCounter>
				<gl-cor:account>
					<!-- Alamkontod ehk dimensioonid on vajalikud info lahterdamiseks soovitud klassifikaatorite abil -->
					<gl-cor:accountSub>
						<!-- Käibemaksuga seotud tehingute ja toimingute liikide klassifikaatori element -->
						<gl-cor:accountSubID contextRef="now">S_101</gl-cor:accountSubID>
						<gl-cor:accountSubType contextRef="now">KMDTYYP2026ap</gl-cor:accountSubType>
					</gl-cor:accountSub>
				</gl-cor:account>
				<!-- Deklareeritav summa ehk maksustatav väärtus -->
				<gl-cor:amount contextRef="now" decimals="2" unitRef="EUR">2500</gl-cor:amount>
				<!-- Maksumäär -->
				<gl-cor:taxes>
					<gl-cor:taxPercentageRate contextRef="now" decimals="3" unitRef="pureRef">0.24</gl-cor:taxPercentageRate>
				</gl-cor:taxes>
			</gl-cor:entryDetail>
			
			
			<!-- Näide 15 -->
            <!-- Sisendkäibemaks, mis on seadusega lubatud maha arvata -->
			<gl-cor:entryDetail>
				<!-- Kirje rea number on ühes päises olevate kirjete järjekorranumber -->
				<gl-cor:lineNumberCounter contextRef="now" unitRef="NotUsed">15</gl-cor:lineNumberCounter>
				<gl-cor:account>
					<!-- Alamkontod ehk dimensioonid on vajalikud info lahterdamiseks soovitud klassifikaatorite abil -->
					<gl-cor:accountSub>
						<!-- Käibemaksuga seotud tehingute ja toimingute liikide klassifikaatori element -->
						<gl-cor:accountSubID contextRef="now">O_101</gl-cor:accountSubID>
						<gl-cor:accountSubType contextRef="now">KMDTYYP2026ap</gl-cor:accountSubType>
					</gl-cor:accountSub>
				</gl-cor:account>
				<!-- Sisendkäibemaksu summa -->
				<gl-cor:amount contextRef="now" decimals="2" unitRef="EUR">240</gl-cor:amount>
				<!-- Tehingu osapoole ja vajadusel arve tunnuse info -->
				<gl-cor:identifierReference>
					<!-- Tehingupartneri registri- või isikukood või mitteresidendi kood -->
					<gl-cor:identifierCode contextRef="now">13000001</gl-cor:identifierCode>
                    <!-- Tehingupartneri koodi liiki täpsustav selgitus loendist IDENTIFIERDESCRIPTION_enum -->
					<gl-cor:identifierDescription contextRef="now">ARIREGISTRIKOOD</gl-cor:identifierDescription>
					<!-- Tehingu osapoole või arve tunnus -->
					<gl-cor:identifierCategory contextRef="now">100</gl-cor:identifierCategory>
				</gl-cor:identifierReference>
				<!-- Arve number -->
				<gl-cor:documentNumber contextRef="now">OA27001</gl-cor:documentNumber>
				<!-- Arve kuupäev -->
				<gl-cor:documentDate contextRef="now">2027-01-05</gl-cor:documentDate>
				<gl-bus:measurable>
                <!-- measurableQuantity väärtus loendist MEASURABLEQUANTITY_enum, lubatud väärtus ARVE_KOGUSUMMA -->
	                <gl-bus:measurableID contextRef="now">ARVE_KOGUSUMMA</gl-bus:measurableID>
                    <!-- measurableIDSchema välja lubatud väärtus MEASURABLEQUANTITY_enum -->
	                <gl-bus:measurableIDSchema contextRef="now">MEASURABLEQUANTITY_enum</gl-bus:measurableIDSchema>
                    <!-- Arve kogusumma -->
					<gl-bus:measurableQuantity contextRef="now" decimals="2" unitRef="EUR">1000</gl-bus:measurableQuantity>
				</gl-bus:measurable>
				<!-- Maksumäär -->
				<gl-cor:taxes>
					<gl-cor:taxPercentageRate contextRef="now" decimals="3" unitRef="pureRef">0.24</gl-cor:taxPercentageRate>
				</gl-cor:taxes>
			</gl-cor:entryDetail>
			
			
			<!-- Näide 16 -->
            <!-- Tollideklaratsiooni alusel tasutud impordi käibemaks -->
			<gl-cor:entryDetail>
				<!-- Kirje rea number on ühes päises olevate kirjete järjekorranumber -->
				<gl-cor:lineNumberCounter contextRef="now" unitRef="NotUsed">16</gl-cor:lineNumberCounter>
				<gl-cor:account>
					<!-- Alamkontod ehk dimensioonid on vajalikud info lahterdamiseks soovitud klassifikaatorite abil -->
					<gl-cor:accountSub>
						<!-- Käibemaksuga seotud tehingute ja toimingute liikide klassifikaatori element -->
						<gl-cor:accountSubID contextRef="now">O_106</gl-cor:accountSubID>
						<gl-cor:accountSubType contextRef="now">KMDTYYP2026ap</gl-cor:accountSubType>
					</gl-cor:accountSub>
				</gl-cor:account>
				<!-- Sisendkäibemaksu summa -->
				<gl-cor:amount contextRef="now" decimals="2" unitRef="EUR">450</gl-cor:amount>
                <!-- Maksumäär -->
				<gl-cor:taxes>
					<gl-cor:taxPercentageRate contextRef="now" decimals="3" unitRef="pureRef">0.09</gl-cor:taxPercentageRate>
				</gl-cor:taxes>
			</gl-cor:entryDetail>
			
			
			<!-- Näide 17 -->
            <!-- Kauba (v.a põhivara ja sõiduautod) ühendusesisese soetamise sisendkäibemaks -->
			<gl-cor:entryDetail>
				<!-- Kirje rea number on ühes päises olevate kirjete järjekorranumber -->
				<gl-cor:lineNumberCounter contextRef="now" unitRef="NotUsed">17</gl-cor:lineNumberCounter>
				<gl-cor:account>
					<!-- Alamkontod ehk dimensioonid on vajalikud info lahterdamiseks soovitud klassifikaatorite abil -->
					<gl-cor:accountSub>
						<!-- Käibemaksuga seotud tehingute ja toimingute liikide klassifikaatori element -->
						<gl-cor:accountSubID contextRef="now">O_401</gl-cor:accountSubID>
						<gl-cor:accountSubType contextRef="now">KMDTYYP2026ap</gl-cor:accountSubType>
					</gl-cor:accountSub>
				</gl-cor:account>
				<!-- Sisendkäibemaksu summa -->
				<gl-cor:amount contextRef="now" decimals="2" unitRef="EUR">72</gl-cor:amount>
                <!-- Maksumäär -->
				<gl-cor:taxes>
					<gl-cor:taxPercentageRate contextRef="now" decimals="3" unitRef="pureRef">0.24</gl-cor:taxPercentageRate>
				</gl-cor:taxes>
			</gl-cor:entryDetail>
			
			
			<!-- Näide 18 -->
            <!-- Arve või arvete kogusumma ilma käibemaksuta on ühe tehingupartneri kohta väiksem kui 1000 eurot -->
			<gl-cor:entryDetail>
				<!-- Kirje rea number on ühes päises olevate kirjete järjekorranumber -->
				<gl-cor:lineNumberCounter contextRef="now" unitRef="NotUsed">18</gl-cor:lineNumberCounter>
				<gl-cor:account>
					<!-- Alamkontod ehk dimensioonid on vajalikud info lahterdamiseks soovitud klassifikaatorite abil -->
					<gl-cor:accountSub>
						<!-- Käibemaksuga seotud tehingute ja toimingute liikide klassifikaatori element -->
						<gl-cor:accountSubID contextRef="now">O_101</gl-cor:accountSubID>
						<gl-cor:accountSubType contextRef="now">KMDTYYP2026ap</gl-cor:accountSubType>
					</gl-cor:accountSub>
				</gl-cor:account>
				<!-- Sisendkäibemaksu summa -->
				<gl-cor:amount contextRef="now" decimals="2" unitRef="EUR">72</gl-cor:amount>
				<!-- Kuna arve või arvete kogusumma ilma käibemaksuta on ühe tehingupartneri kohta väiksem kui 1000 eurot, siis tehingupartneri registri- või isikukoodi 
				või mitteresidendi koodi ei edastata ja identifierReference plokis näidatakse ainult arve tunnuse infot -->
				<gl-cor:identifierReference>
                <!-- Tehingu osapoole või arve tunnus -->
					<gl-cor:identifierCategory contextRef="now">103</gl-cor:identifierCategory>
				</gl-cor:identifierReference>
                <!-- Maksumäär -->
				<gl-cor:taxes>
					<gl-cor:taxPercentageRate contextRef="now" decimals="3" unitRef="pureRef">0.24</gl-cor:taxPercentageRate>
				</gl-cor:taxes>
			</gl-cor:entryDetail>
			
			
			<!-- Näide 19 -->
            <!-- Kreeditarve sisendkäibemaksu summa (ostja) -->
			<gl-cor:entryDetail>
				<!-- Kirje rea number on ühes päises olevate kirjete järjekorranumber -->
				<gl-cor:lineNumberCounter contextRef="now" unitRef="NotUsed">19</gl-cor:lineNumberCounter>
				<gl-cor:account>
					<!-- Alamkontod ehk dimensioonid on vajalikud info lahterdamiseks soovitud klassifikaatorite abil -->
					<gl-cor:accountSub>
						<!-- Käibemaksuga seotud tehingute ja toimingute liikide klassifikaatori element -->
						<gl-cor:accountSubID contextRef="now">O_101</gl-cor:accountSubID>
						<gl-cor:accountSubType contextRef="now">KMDTYYP2026ap</gl-cor:accountSubType>
					</gl-cor:accountSub>
				</gl-cor:account>
				<!-- Sisendkäibemaksu summa -->
				<gl-cor:amount contextRef="now" decimals="2" unitRef="EUR">-240</gl-cor:amount>
				<!-- Tehingu osapoole ja vajadusel arve tunnuse info -->
				<gl-cor:identifierReference>
					<!-- Tehingupartneri registri- või isikukood või mitteresidendi kood -->
					<gl-cor:identifierCode contextRef="now">14000001</gl-cor:identifierCode>
                    <!-- Tehingupartneri koodi liiki täpsustav selgitus loendist IDENTIFIERDESCRIPTION_enum -->
					<gl-cor:identifierDescription contextRef="now">ARIREGISTRIKOOD</gl-cor:identifierDescription>
					<!-- Tehingu osapoole või arve tunnus -->
					<gl-cor:identifierCategory contextRef="now">100</gl-cor:identifierCategory>
				</gl-cor:identifierReference>
				<!-- Arve number -->
				<gl-cor:documentNumber contextRef="now">KR0003</gl-cor:documentNumber>
				<!-- Arve kuupäev -->
				<gl-cor:documentDate contextRef="now">2027-01-29</gl-cor:documentDate>
				<gl-bus:measurable>
                <!-- measurableQuantity väärtus loendist MEASURABLEQUANTITY_enum, lubatud väärtus ARVE_KOGUSUMMA -->
	                <gl-bus:measurableID contextRef="now">ARVE_KOGUSUMMA</gl-bus:measurableID>
                    <!-- measurableIDSchema välja lubatud väärtus MEASURABLEQUANTITY_enum -->
	                <gl-bus:measurableIDSchema contextRef="now">MEASURABLEQUANTITY_enum</gl-bus:measurableIDSchema>
					<!-- Arve kogusumma -->
					<gl-bus:measurableQuantity contextRef="now" decimals="2" unitRef="EUR">-1000</gl-bus:measurableQuantity>
				</gl-bus:measurable>
                <!-- Selles measurable plokis näidatakse kreeditarvega seotud esialgse arve kuupäevaga seotud infot -->
				<gl-bus:measurable>
                <!-- measurableStartDateTime välja väärtuse klassifikaatorist SYNDMUS2017ap, lubatud väärtus ALGSE_ARVE_KP -->
					<gl-bus:measurableID contextRef="now">ALGSE_ARVE_KP</gl-bus:measurableID>
                    <!--measurableIDSchema väärtus klassifikaatorist, lubatud väärtus SYNDMUS2017ap -->
					<gl-bus:measurableIDSchema contextRef="now">SYNDMUS2017ap</gl-bus:measurableIDSchema>
                    <!-- Esialgse arve kuupäev -->
					<gl-bus:measurableStartDateTime contextRef="now">2025-08-25</gl-bus:measurableStartDateTime>
				</gl-bus:measurable>
				<!-- Maksumäär -->
				<gl-cor:taxes>
					<gl-cor:taxPercentageRate contextRef="now" decimals="3" unitRef="pureRef">0.24</gl-cor:taxPercentageRate>
				</gl-cor:taxes>
			</gl-cor:entryDetail>
			
			
			<!--Näide 20-->
            <!-- Korrigeerimise tulemusel sisendkäibemaks väheneb -->
			<gl-cor:entryDetail>
				<!-- Kirje rea number on ühes päises olevate kirjete järjekorranumber -->
				<gl-cor:lineNumberCounter contextRef="now" unitRef="NotUsed">20</gl-cor:lineNumberCounter>
				<gl-cor:account>
					<!-- Alamkontod ehk dimensioonid on vajalikud info lahterdamiseks soovitud klassifikaatorite abil -->
					<gl-cor:accountSub>
						<!-- Käibemaksuga seotud tehingute ja toimingute liikide klassifikaatori element -->
						<gl-cor:accountSubID contextRef="now">O_601</gl-cor:accountSubID>
						<gl-cor:accountSubType contextRef="now">KMDTYYP2026ap</gl-cor:accountSubType>
					</gl-cor:accountSub>
				</gl-cor:account>
				<!-- Sisendkäibemaksu summa -->
				<gl-cor:amount contextRef="now" decimals="2" unitRef="EUR">-240</gl-cor:amount>
                <!-- Maksumäär -->
				<gl-cor:taxes>
					<gl-cor:taxPercentageRate contextRef="now" decimals="3" unitRef="pureRef">0.24</gl-cor:taxPercentageRate>
				</gl-cor:taxes>
			</gl-cor:entryDetail>
		</gl-cor:entryHeader>
	</gl-cor:accountingEntries>
</xbrli:xbrl>
